<?xml version="1.0" encoding="UTF-8"?><record xmlns="http://www.loc.gov/MARC21/slim" xmlns:cinclude="http://apache.org/cocoon/include/1.0" xmlns:zs="http://www.loc.gov/zing/srw/">
  <leader>00421nz  a2200133n  4500</leader>
  <controlfield tag="001">nr 99032963 </controlfield>
  <controlfield tag="003">DLC</controlfield>
  <controlfield tag="005">19991023013754.0</controlfield>
  <controlfield tag="008">991021n| acannaabn          |n aaa     c</controlfield>
  <datafield tag="010" ind1=" " ind2=" ">
    <subfield code="a">nr 99032963 </subfield>
  </datafield>
  <datafield tag="040" ind1=" " ind2=" ">
    <subfield code="a">NIC</subfield>
    <subfield code="b">eng</subfield>
    <subfield code="c">NIC</subfield>
  </datafield>
  <datafield tag="100" ind1="1" ind2=" ">
    <subfield code="a">Sensi, Filippo</subfield>
  </datafield>
  <datafield tag="670" ind1=" " ind2=" ">
    <subfield code="a">Guiseppe Salvo Cozzo, Il codice vaticano 3195 e l'edizione aldina del 1501, 1894:</subfield>
    <subfield code="b">p. 260 (Filippo Sensi)</subfield>
  </datafield>
  <datafield tag="670" ind1=" " ind2=" ">
    <subfield code="a">NIC files, 10/20/99</subfield>
    <subfield code="b">(hdg.: Sensi, Filippo)</subfield>
  </datafield>
</record>